<record><leader>00000cas a22000007a 4500</leader><controlfield tag="001">17937472</controlfield><controlfield tag="008">880511d183918uuohudr ne      0    0eng d</controlfield><datafield ind1=" " ind2=" " tag="010"><subfield code="a">sn 88077377 </subfield></datafield><datafield ind1=" " ind2=" " tag="040"><subfield code="a">ONP</subfield><subfield code="b">eng</subfield><subfield code="c">ONP</subfield><subfield code="d">OCL</subfield><subfield code="d">OCLCQ</subfield><subfield code="d">OCLCF</subfield><subfield code="d">OCLCO</subfield></datafield><datafield ind1=" " ind2=" " tag="042"><subfield code="a">msc</subfield></datafield><datafield ind1=" " ind2=" " tag="043"><subfield code="a">n-us-oh</subfield></datafield><datafield ind1="0" ind2=" " tag="130"><subfield code="a">Daiy buckeye (Cincinnati, Ohio)</subfield></datafield><datafield ind1="1" ind2="4" tag="245"><subfield code="a">The Daily buckeye.</subfield></datafield><datafield ind1=" " ind2=" " tag="260"><subfield code="a">Cincinnati [Ohio] :</subfield><subfield code="b">A.G. Walden &amp; Co.</subfield></datafield><datafield ind1=" " ind2=" " tag="300"><subfield code="a">v.</subfield></datafield><datafield ind1=" " ind2=" " tag="310"><subfield code="a">Daily</subfield></datafield><datafield ind1="1" ind2=" " tag="362"><subfield code="a">Began in 1839?</subfield></datafield><datafield ind1=" " ind2=" " tag="588"><subfield code="a">Description based on: Vol. 1, no. 52 (Oct. 17, 1839).</subfield></datafield><datafield ind1=" " ind2="0" tag="651"><subfield code="a">Cincinnati (Ohio)</subfield><subfield code="v">Newspapers.</subfield></datafield><datafield ind1=" " ind2="0" tag="651"><subfield code="a">Hamilton County (Ohio)</subfield><subfield code="v">Newspapers.</subfield></datafield><datafield ind1=" " ind2="7" tag="655"><subfield code="a">Newspapers.</subfield><subfield code="2">fast</subfield><subfield code="0">(OCoLC)fst01423814</subfield></datafield><datafield ind1=" " ind2="7" tag="651"><subfield code="a">Ohio</subfield><subfield code="z">Cincinnati.</subfield><subfield code="2">fast</subfield><subfield code="0">(OCoLC)fst01205142</subfield></datafield><datafield ind1=" " ind2="7" tag="651"><subfield code="a">Ohio</subfield><subfield code="z">Hamilton County.</subfield><subfield code="2">fast</subfield><subfield code="0">(OCoLC)fst01205597</subfield></datafield><datafield ind1=" " ind2=" " tag="752"><subfield code="a">United States</subfield><subfield code="b">Ohio</subfield><subfield code="c">Hamilton</subfield><subfield code="d">Cincinnati.</subfield></datafield></record>